@article{greyScaleRef,
	author  = "Michael Stokes (Hewlett-Packard), Matthew Anderson (Microsoft), Srinivasan Chandrasekar (Microsoft), Ricardo Motta (Hewlett-Packard)",
	title   = "A Standard Default Color Space for the Internet - sRGB",
	year    = "1996",
	journal = "w3.org",
	volume  = "1.10"
}
% van den Boomgard, R, and R. van Balen, "Methods for Fast Morphological Image Transforms Using Bitmapped Images," Computer Vision, Graphics, and Image Processing: Graphical Models and Image Processing, Vol. 54, Number 3, pp. 252â€“254, May 1992.